<?xml version="1.0" encoding="UTF-8"?><collection xmlns="http://www.loc.gov/MARC21/slim"><record><leader>00558nam--2200181-i-4500</leader><controlfield tag="001">000001238</controlfield><controlfield tag="002">20161230</controlfield><controlfield tag="005">20161230201024</controlfield><controlfield tag="008">060222s1000------------r-----000-0-eng-d</controlfield><datafield ind1=" " ind2=" " tag="040"><subfield code="a">IFIN-HH</subfield></datafield><datafield ind1=" " ind2=" " tag="080"><subfield code="a">519.2:541.18</subfield></datafield><datafield ind1="1" ind2=" " tag="100"><subfield code="a">Herdan, G</subfield></datafield><datafield ind1="1" ind2="0" tag="245"><subfield code="a">Small particle statistics. an account of statistical methods for the investigation of finely divided materials</subfield><subfield code="c">G. herdan</subfield></datafield><datafield ind1=" " ind2=" " tag="250"><subfield code="a">Revised And Enlarged Second Edition</subfield></datafield><datafield ind1=" " ind2=" " tag="260"><subfield code="a">London</subfield><subfield code="b">Butterworths</subfield><subfield code="c">1960</subfield></datafield><datafield ind1=" " ind2=" " tag="300"><subfield code="a">XXIII + 418 P</subfield></datafield><datafield ind1=" " ind2=" " tag="852"><subfield code="a">16294</subfield><subfield code="c">53.08</subfield></datafield><datafield ind1=" " ind2=" " tag="CAT"><subfield code="a">Sys</subfield><subfield code="c">20151027</subfield><subfield code="h">123442</subfield></datafield></record></collection>